@article{fabio-luis-lpa,
	author = {Diego Dias{} Lopes and Alessandro dos Santos and F\'abio Lu\'is Pereira and Marcelo Nogueira},
	title = {\textbf{Jogos de gest\~ao e estrat\'egia voltados para educa{\c c}\~ao e apoiados em l\'ogica paraconsistente anotada evidencial E$\tau$}},
	year = {2011},
	journal = {XL IGIP},
	pages = {1},
}

@article{introd-lpa-2010,
	author = {Joao In\'acio da Silva{ }Filho},
	title = {\textbf{Introdu{\c c}\~ao ao conceito de estado  L\'ogico Paraconsistente $\epsilon$$\tau$ }},
	year = {2010},
	journal = {sele{\c c}\~ao documental do GLPA},
	pages = {20-24},
}

@article{metodos-lpa-2006,
	author = {Joao In\'acio da Silva{ }Filho},
	title = {\textbf{M\'etodos de Aplica{\c c}\~oes da L\'ogica Paraconsistente Anotada de anota{\c c}\~ao com dois valores-LPA2v}},
	year = {2006},
	journal = {sele{\c c}\~ao documental do GLPA},
	pages = {20-24},
}

@article{sartini-tj-2004,
	author = {Brígida Alexandre Sartini and Gilmar Garbugio and Jos\'e Bortolossi Polyane Alves Santos and Larissa Santana Barreto},
	title = {\textbf{Uma Introdu{\c c}\~ao a Teoria dos Jogos}},
	year = {2004},
	journal = {Universidade Federal da Bahia},
}

@article{almeida-2017,
	author = { GUILHERME AUGUSTO MACHADO DE ALMEIDA },
	title = {\textbf{Dissertação de mestrado Fatores de escolha entre metodologias de software tradicionais e ágeis}},
	year = {2017},
}

@article{piske-2003,
	author = { Ot\'avio Rodolfo Piske },
	title = {\textbf{RUP – Rational Unified Process}},
	year = {2003},
}

@book{tomda-decisao-lpa-2011,
	author = {F\'abio Romeu de Carvalho and Jair Minoro Abe},
	title = {\textbf{Tomadas de Decis\~ao com Ferramentas de L\'ogica Paraconsistente Anotada}},
	editor = {Edgard Blucher},
	year = {2011},
}

@book{aspectos-lpa-2013,
	author = {Jair Minoro Abe},
	title = {\textbf{Aspectos de Computa{\c c}\~ao Inteligente Paraconsistente}},
	editor = {INSTITUTO DE ESTUDOS AVAN{\c c}ADOS DA USP},
	year = {2013},
}

@misc{unity-2019,
    author = {Raphael Dias},
	title = {\textbf{Unity – Guia Completo sobre a Game Engine}},
	year = {2018},
	url = {https://producaodejogos.com/unity},
}

@misc{tcg-2013,
    author = {Bruno Podolski Jacintho},
	title = {\textbf{O que \'e o trading card game\?}},
	year = {2013},
	url = {https://estruturaludens.wordpress.com/2013/07/03/o-que-e-o-trading-card-game/},
}

@misc{eng-2014,
	author = {Ricardo de Almeida Falbo},
	title = {\textbf{Engenharia de Software}},
	year = {2014},
	url = {http://www.inf.ufes.br/~falbo/files/ES/Notas_Aula_Engenharia_Software.pdf},
}

@misc{eng-2015,
	author = {Ricardo R. Gudwin},
	title = {\textbf{Engenharia de Software\: Uma Vis\~ao Pr\'atica}},
	year = {2015},
	url = {http://faculty.dca.fee.unicamp.br/gudwin/sites/faculty.dca.fee.unicamp.br.gudwin/files/ea975/ESUVP2.pdf},
}

@book{Csharp-2002,
	author = {Lima Edwin and Reis Eugenio},
	title = {\textbf{C\# E .NET Guia do Desenvolvedor}},
	year = {2002},
	editor = {Campus},	
}

@misc{api-2016,
	author = {Marcus Ribeiro},
	title = {\textbf{O que \'e API e como ele aumenta a produtividade nas empresas.}},
	year = {2016},
	url = {https://pluga.co/blog/api/o-que-e-api/},

}

@misc{abf-2016,
	author = {Eduardo Finzi},
	title = {\textbf{API,biblioteca e Frameworks: entenda a diferen{\c c}a entre eles.}},
	year = {2016},
	url = {https://blog.cedrotech.com/api-bibliotecas-e-frameworks-entenda-diferenca-entre-eles/},
}

@misc{cardoso-tj-2018,
	author = {Marcelo Jos\'e Ranieri Cardoso and Celso Ribeiro Campos},
	title = {\textbf{A Teoria dos Jogos a mente brilhante de John Nash}},
	year = {2018},
	url = {https://www.researchgate.net/publication/315635843_A_TEORIA_DOS_JOGOS_E_A_MENTE_BRILHANTE_DE_JOHN_NASH},
}

@misc{microsoft-2019,
	author = {Microsoft},
	title = {Vis\~ao Geral Visual Studio - Microsoft Docs},
	year = {2019},
	url = {https://docs.microsoft.com/pt-br/visualstudio/get-started/visual-studio-ide?view=vs-2019},
}